%An article from a magazine or a journal
@article{fooAuthor,
    author    = {Foo Bar},
    title     = {Some title},
    journal   = {International Journal of Something},
    year      = {2020},
}
